% Encoding: UTF-8

@Article{Qin2020,
  author     = {{\bf Qin}, {\bf Y} and Edward Hoppe and Daniele Perissin},
  journal    = {{ISPRS} International Journal of Geo-Information},
  title      = {Slope Hazard Monitoring Using High-Resolution Satellite Remote Sensing: Lessons Learned from a Case Study},
  year       = {2020},
  issn       = {2220-9964},
  month      = {feb},
  number     = {2},
  pages      = {131},
  volume     = {9},
  doi        = {10.3390/ijgi9020131},
  language   = {en},
  publisher  = {{MDPI} {AG}},
  shorttitle = {Slope {Hazard} {Monitoring} {Using} {High}-{Resolution} {Satellite} {Remote} {Sensing}},
  timestamp  = {2020-11-04},
  url        = {https://www.mdpi.com/2220-9964/9/2/131},
  urldate    = {2020-11-03},
}

@phdthesis{QIN2019,
	type = {{PhD} thesis},
	title = {Sentinel-1 {Wide} {Swath} {Interferometry}: {Processing} {Techniques} and {Applications}},
	copyright = {Creative Commons Attribution 4.0 International},
	shorttitle = {Sentinel-1 {Wide} {Swath} {Interferometry}},
	url = {https://hammer.figshare.com/articles/Sentinel-1_Wide_Swath_Interferometry_Processing_Techniques_and_Applications/7543214/1},
	urldate = {2020-11-03},
	school = {Purdue University},
	author = {{Yuxiao Qin}},
	year = {2019},
}

@article{QIN2018,
	title = {Investigations on the {Coregistration} of {Sentinel}-1 {TOPS} with the {Conventional} {Cross}-{Correlation} {Technique}},
	volume = {10},
	issn = {2072-4292},
	url = {http://www.mdpi.com/2072-4292/10/9/1405},
	doi = {10.3390/rs10091405},
	language = {en},
	number = {9},
	urldate = {2020-11-03},
	journal = {Remote Sensing},
	author = {{\bf Qin}, {\bf Y} and Perissin, Daniele and Bai, Jing},
	month = sep,
	year = {2018},
	pages = {1405},
}

@article{QIN2018-2,
	title = {A {Common} {Stripmap}-{Like} {Interferometric} {Processing} {Chain} for {TOPS} and {ScanSAR} {Wide} {Swath} {Mode}},
	volume = {10},
	issn = {2072-4292},
	url = {http://www.mdpi.com/2072-4292/10/10/1504},
	doi = {10.3390/rs10101504},
	language = {en},
	number = {10},
	urldate = {2020-11-03},
	journal = {Remote Sensing},
	author = {{\bf Qin}, {\bf Y} and Perissin, Daniele and Bai, Jing},
	month = sep,
	year = {2018},
	pages = {1504},
}

@article{QIN2015,
	title = {Monitoring {Ground} {Subsidence} in {Hong} {Kong} via {Spaceborne} {Radar}: {Experiments} and {Validation}},
	volume = {7},
	issn = {2072-4292},
	shorttitle = {Monitoring {Ground} {Subsidence} in {Hong} {Kong} via {Spaceborne} {Radar}},
	url = {http://www.mdpi.com/2072-4292/7/8/10715},
	doi = {10.3390/rs70810715},
	language = {en},
	number = {8},
	urldate = {2020-11-03},
	journal = {Remote Sensing},
	author = {{\bf Qin}, {\bf Y} and Perissin, Daniele},
	month = aug,
	year = {2015},
	pages = {10715--10736},
}

@Article{Qin2013,
  author    = {{\bf Qin}, {\bf Y} and Daniele Perissin and Ling Lei},
  journal   = {International Journal of Antennas and Propagation},
  title     = {The Design and Experiments on Corner Reflectors for Urban Ground Deformation Monitoring in Hong Kong},
  year      = {2013},
  issn      = {1687-5869, 1687-5877},
  pages     = {1--8},
  volume    = {2013},
  doi       = {10.1155/2013/191685},
  language  = {en},
  publisher = {Hindawi Limited},
  timestamp = {2020-11-04},
  url       = {http://www.hindawi.com/journals/ijap/2013/191685/},
  urldate   = {2020-11-03},
}







